

<record xmlns="http://www.loc.gov/MARC21/slim"
xmlns:xsi="http://www.w3.org/2001/XMLSchema-instance"
xsi:schemaLocation="http://www.loc.gov/MARC21/slim
http://www.loc.gov/standards/marcxml/schema/MARC21slim.xsd">
  <leader>     nz  a22     n  4500</leader>
  <controlfield tag="001">jk01010003</controlfield>
  <controlfield tag="003">CZ PrNK</controlfield>
  <controlfield tag="005">19980211000000.0</controlfield>
  <controlfield tag="008">980211|n|acnnnaabn           n a|a</controlfield>
  <datafield tag="040" ind1=" " ind2=" ">
    <subfield code="a">Jaroslav Kunc</subfield>
    <subfield code="b">cze</subfield>
    <subfield code="c">ABA001</subfield>
    <subfield code="d">ABA001</subfield>
  </datafield>
  <datafield tag="046" ind1=" " ind2=" ">
    <subfield code="f">1957</subfield>
  </datafield>
  <datafield tag="100" ind1="1" ind2=" ">
    <subfield code="a">Abraham, Pavel,</subfield>
    <subfield code="d">1957-</subfield>
    <subfield code="7">jk01010003</subfield>
  </datafield>
  <datafield tag="370" ind1=" " ind2=" ">
    <subfield code="c">Česko</subfield>
  </datafield>
  <datafield tag="670" ind1=" " ind2=" ">
    <subfield code="a">PNP-LA</subfield>
  </datafield>
  <datafield tag="678" ind1="0" ind2=" ">
    <subfield code="a">Narozen roku 1957. Student filosofické fakulty university v Brně, básně v časopisech.</subfield>
  </datafield>
  <datafield tag="998" ind1=" " ind2=" ">
    <subfield code="a">http://aleph.nkp.cz/F/?func=direct&amp;doc_number=000000003&amp;local_base=AUT</subfield>
  </datafield>
</record>