

<record xmlns="http://www.loc.gov/MARC21/slim"
xmlns:xsi="http://www.w3.org/2001/XMLSchema-instance"
xsi:schemaLocation="http://www.loc.gov/MARC21/slim
http://www.loc.gov/standards/marcxml/schema/MARC21slim.xsd">
  <leader>     cz  a22     n  4500</leader>
  <controlfield tag="001">jk01010004</controlfield>
  <controlfield tag="003">CZ PrNK</controlfield>
  <controlfield tag="005">20170830134426.0</controlfield>
  <controlfield tag="008">980211|n|aznnnaabn           n a|a</controlfield>
  <datafield tag="040" ind1=" " ind2=" ">
    <subfield code="a">Jaroslav Kunc</subfield>
    <subfield code="b">cze</subfield>
    <subfield code="c">ABA001</subfield>
    <subfield code="d">ABA001</subfield>
    <subfield code="e">rda</subfield>
  </datafield>
  <datafield tag="046" ind1=" " ind2=" ">
    <subfield code="f">1889</subfield>
    <subfield code="g">1963</subfield>
  </datafield>
  <datafield tag="100" ind1="1" ind2=" ">
    <subfield code="a">Absolon, Josef,</subfield>
    <subfield code="d">1889-1963</subfield>
    <subfield code="7">jk01010004</subfield>
  </datafield>
  <datafield tag="370" ind1=" " ind2=" ">
    <subfield code="a">Odrlice, Senice na Hané, Česko</subfield>
    <subfield code="c">Česko</subfield>
  </datafield>
  <datafield tag="374" ind1=" " ind2=" ">
    <subfield code="a">katoličtí kněží</subfield>
    <subfield code="a">básníci</subfield>
  </datafield>
  <datafield tag="375" ind1=" " ind2=" ">
    <subfield code="a">muž</subfield>
  </datafield>
  <datafield tag="670" ind1=" " ind2=" ">
    <subfield code="a">PNP-LA</subfield>
  </datafield>
  <datafield tag="670" ind1=" " ind2=" ">
    <subfield code="a">Krejčová, Jana: Milovany (Milbes): historie farního kostela sv. Kateřiny Alexandrijské a drobných církevních objektů. Poodří: časopis obyvatel horní Odry. Ostrava: Společnost přátel Poodří, 2012, roč. 15, č. 1, s. 21.</subfield>
    <subfield code="b">data, biografické údaje</subfield>
  </datafield>
  <datafield tag="678" ind1="0" ind2=" ">
    <subfield code="a">Narozen 27. 1. 1889 v Odrlicích na Moravě, zemřel 22. 7. 1963. Kněz v Milovanech u Čermné, básník.</subfield>
  </datafield>
  <datafield tag="998" ind1=" " ind2=" ">
    <subfield code="a">http://aleph.nkp.cz/F/?func=direct&amp;doc_number=000000004&amp;local_base=AUT</subfield>
  </datafield>
</record>