

<record xmlns="http://www.loc.gov/MARC21/slim"
xmlns:xsi="http://www.w3.org/2001/XMLSchema-instance"
xsi:schemaLocation="http://www.loc.gov/MARC21/slim
http://www.loc.gov/standards/marcxml/schema/MARC21slim.xsd">
  <leader>     cz  a22     n  4500</leader>
  <controlfield tag="001">jk01010005</controlfield>
  <controlfield tag="003">CZ PrNK</controlfield>
  <controlfield tag="005">20090303110540.0</controlfield>
  <controlfield tag="008">000622|n|acnnnaabn           n a|a</controlfield>
  <datafield tag="024" ind1="7" ind2=" ">
    <subfield code="a">0000000109542912</subfield>
    <subfield code="2">isni</subfield>
  </datafield>
  <datafield tag="024" ind1="7" ind2=" ">
    <subfield code="a">Q1063371</subfield>
    <subfield code="2">wikidata</subfield>
  </datafield>
  <datafield tag="040" ind1=" " ind2=" ">
    <subfield code="a">Jaroslav Kunc</subfield>
    <subfield code="b">cze</subfield>
    <subfield code="c">ABA001</subfield>
    <subfield code="d">ABA001</subfield>
  </datafield>
  <datafield tag="046" ind1=" " ind2=" ">
    <subfield code="f">1877</subfield>
    <subfield code="g">1960</subfield>
  </datafield>
  <datafield tag="100" ind1="1" ind2=" ">
    <subfield code="a">Absolon, Karel,</subfield>
    <subfield code="d">1877-1960</subfield>
    <subfield code="7">jk01010005</subfield>
  </datafield>
  <datafield tag="370" ind1=" " ind2=" ">
    <subfield code="c">Česko</subfield>
  </datafield>
  <datafield tag="670" ind1=" " ind2=" ">
    <subfield code="a">PNP-LA</subfield>
  </datafield>
  <datafield tag="670" ind1=" " ind2=" ">
    <subfield code="a">Všeobecná encyklopedie v osmi svazcích: Diderot</subfield>
    <subfield code="b">datum narození</subfield>
  </datafield>
  <datafield tag="678" ind1="0" ind2=" ">
    <subfield code="a">Narozen 16.6.1877 v Boskovicích, zemřel 6.10.1960 v Brně. PhDr., profesor geografie, antropolog, archeolog, speleolog, publikace v oboru.</subfield>
  </datafield>
  <datafield tag="998" ind1=" " ind2=" ">
    <subfield code="a">http://aleph.nkp.cz/F/?func=direct&amp;doc_number=000000005&amp;local_base=AUT</subfield>
  </datafield>
</record>
</collection>